@ARTICLE{9127813,

  author={Y. {Guo} and H. {Wang} and Q. {Hu} and H. {Liu} and L. {Liu} and M. {Bennamoun}},

  journal={IEEE Transactions on Pattern Analysis and Machine Intelligence}, 

  title={Deep Learning for 3D Point Clouds: A Survey}, 

  year={2020},

  volume={},

  number={},

  pages={1-1},

  doi={10.1109/TPAMI.2020.3005434}}

@article{2018PointSeg,
  title={PointSeg: Real-Time Semantic Segmentation Based on 3D LiDAR Point Cloud},
  author={ Wang, Yuan  and  Shi, Tianyue  and  Yun, Peng  and  Tai, Lei  and  Liu, Ming },
  year={2018},
}

@ARTICLE{pvcnn,
author = {Liu, Zhijian and Tang, Haotian and Lin, Yujun and Han, Song},
year = {2019},
month = {07},
pages = {},
title = {Point-Voxel CNN for Efficient 3D Deep Learning}
}
@article{Hu2019RandLA,
  title={RandLA-Net: Efficient Semantic Segmentation of Large-Scale Point Clouds},
  author={Hu, Qingyong and Yang, Bo and Xie, Linhai and Rosa, Stefano and Guo, Yulan and Wang, Zhihua and Trigoni, Niki and Markham, Andrew},
  year={2019},
}
