@String(PAMI  = {IEEE TPAMI})
@String(IJCV  = {IJCV})
@String(CVPR  = {CVPR})
@String(ICCV  = {ICCV})
@String(ECCV  = {ECCV})
@String(NIPS  = {NeurIPS})
@String(ICPR  = {ICPR})
@String(BMVC  =	{BMVC})
@String(TOG   = {ACM TOG})
@String(TIP   = {IEEE TIP})
@String(TVCG  = {IEEE TVCG})
@String(TCSVT = {IEEE TCSVT})
@String(TMM   =	{IEEE TMM})
@String(ACMMM = {ACM MM})
@String(ICME  =	{ICME})
@String(ICASSP=	{ICASSP})
@String(ICIP  = {ICIP})
@String(ACCV  = {ACCV})
@String(ICLR  = {ICLR})
@String(IJCAI = {IJCAI})
@String(PR = {PR})
@String(AAAI = {AAAI})
@String(CVPRW= {CVPRW})
@String(CSVT = {IEEE TCSVT})



@String(PAMI = {IEEE Trans. Pattern Anal. Mach. Intell.})
@String(IJCV = {Int. J. Comput. Vis.})
@String(CVPR= {IEEE Conf. Comput. Vis. Pattern Recog.})
@String(ICCV= {Int. Conf. Comput. Vis.})
@String(ECCV= {Eur. Conf. Comput. Vis.})
@String(NIPS= {Adv. Neural Inform. Process. Syst.})
@String(ICPR = {Int. Conf. Pattern Recog.})
@String(BMVC= {Brit. Mach. Vis. Conf.})
@String(TOG= {ACM Trans. Graph.})
@String(TIP  = {IEEE Trans. Image Process.})
@String(TVCG  = {IEEE Trans. Vis. Comput. Graph.})
@String(TMM  = {IEEE Trans. Multimedia})
@String(ACMMM= {ACM Int. Conf. Multimedia})
@String(ICME = {Int. Conf. Multimedia and Expo})
@String(ICASSP=	{ICASSP})
@String(ICIP = {IEEE Int. Conf. Image Process.})
@String(ACCV  = {ACCV})
@String(ICLR = {Int. Conf. Learn. Represent.})
@String(IJCAI = {IJCAI})
@String(PR   = {Pattern Recognition})
@String(AAAI = {AAAI})
@String(CVPRW= {IEEE Conf. Comput. Vis. Pattern Recog. Worksh.})
@String(CSVT = {IEEE Trans. Circuit Syst. Video Technol.})

@String(SPL	= {IEEE Sign. Process. Letters})
@String(VR   = {Vis. Res.})
@String(JOV	 = {J. Vis.})
@String(TVC  = {The Vis. Comput.})
@String(JCST  = {J. Comput. Sci. Tech.})
@String(CGF  = {Comput. Graph. Forum})
@String(CVM = {Computational Visual Media})



@article{2017A,
  title={A REVIEW OFPOINT CLOUDS SEGMENTATION AND CLASSIFICATION ALGORITHMS},
  author={ Grilli, E.  and  Menna, F.  and  Remondino, F. },
  journal={ISPRS - International Archives of the Photogrammetry, Remote Sensing and Spatial Information Sciences},
  volume={XLII-2/W3},
  pages={339-344},
  year={2017},
}
@article{50,
  title={Dynamic Graph CNN for Learning on Point Clouds},
  author={Wang, Yue and Sun, Yongbin and Liu, Ziwei and Sarma, Sanjay E and Bronstein, Michael M and Solomon, Justin M},
  journal={Acm Transactions on Graphics},
  volume={38},
  number={5},
  year={2018},
}
@article{35,
  title={PointNet: Deep Learning on Point Sets for 3D Classification and Segmentation},
  author={ Qi, Charles R  and  Su, Hao  and  Mo, Kaichun  and  Guibas, Leonidas J },
  year={2017},
}
@article{20,
  title={[IEEE 2017 IEEE International Conference on Computer Vision (ICCV) - Venice (2017.10.22-2017.10.29)] 2017 IEEE International Conference on Computer Vision (ICCV) - Escape from Cells: Deep Kd-Networks for the Recognition of 3D Point Cloud Models},
  author={Klokov, Roman and Lempitsky, Victor},
  year={2017},
}
@article{36,
  title={Pointnet++: Deep hierarchical feature learning on point sets in a metric space},
  author={Qi, Charles Ruizhongtai and Yi, Li and Su, Hao and Guibas, Leonidas J},
  journal={Advances in neural information processing systems},
  volume={30},
  pages={5099--5108},
  year={2017}
}
@article{2018PointSeg,
  title={PointSeg: Real-Time Semantic Segmentation Based on 3D LiDAR Point Cloud},
  author={ Wang, Yuan  and  Shi, Tianyue  and  Yun, Peng  and  Tai, Lei  and  Liu, Ming },
  year={2018},
}
@inproceedings{1,
  title={Fast Plane Extraction in Organized Point Clouds Using Agglomerative Hierarchical Clustering},
  author={ Feng, Chen  and  Taguchi, Yuichi  and  Kamat, Vineet R },
  booktitle={IEEE International Conference on Robotics & Automation},
  year={2014},
}
@inproceedings{2,
  title={LIDAR-based 3D object perception},
  author={ Himmelsbach, M.  and A Müller and T Lüttel and H.-J Wünsche},
  booktitle={Proceedings of 1st International Workshop on Cognition for Technical Systems},
  year={2008},
}
@article{3,
  title={SqueezeNet: AlexNet-level accuracy with 50x fewer parameters and< 0.5 MB model size},
  author={Iandola, Forrest N and Han, Song and Moskewicz, Matthew W and Ashraf, Khalid and Dally, William J and Keutzer, Kurt},
  journal={arXiv preprint arXiv:1602.07360},
  year={2016}
}
@inproceedings{4,
  title={Squeezeseg: Convolutional neural nets with recurrent crf for real-time road-object segmentation from 3d lidar point cloud},
  author={Wu, Bichen and Wan, Alvin and Yue, Xiangyu and Keutzer, Kurt},
  booktitle={2018 IEEE International Conference on Robotics and Automation (ICRA)},
  pages={1887--1893},
  year={2018},
  organization={IEEE}
}
@book{6,
  title={Fully Convolutional Networks for Semantic Segmentation},
  author={Shelhamer, Evan and Long, Jonathan and Darrell, Trevor},
  publisher={IEEE Computer Society},
  year={2017},
}
@article{7,
  title={Rethinking atrous convolution for semantic image segmentation},
  author={Chen, Liang-Chieh and Papandreou, George and Schroff, Florian and Adam, Hartwig},
  journal={arXiv preprint arXiv:1706.05587},
  year={2017}
}
@article{8,
  title={Multi-Scale Context Aggregation by Dilated Convolutions},
  author={ Yu, Fisher  and  Koltun, Vladlen },
  year={2016},
}
@article{9,
  title={Efficient inference in fully connected crfs with gaussian edge potentials},
  author={Kr{\"a}henb{\"u}hl, Philipp and Koltun, Vladlen},
  journal={Advances in neural information processing systems},
  volume={24},
  pages={109--117},
  year={2011}
}
@article{10,
  title={Segnet: A deep convolutional encoder-decoder architecture for image segmentation},
  author={Badrinarayanan, Vijay and Kendall, Alex and Cipolla, Roberto},
  journal={IEEE transactions on pattern analysis and machine intelligence},
  volume={39},
  number={12},
  pages={2481--2495},
  year={2017},
  publisher={IEEE}
}
@inproceedings{11,
  title={Icnet for real-time semantic segmentation on high-resolution images},
  author={Zhao, Hengshuang and Qi, Xiaojuan and Shen, Xiaoyong and Shi, Jianping and Jia, Jiaya},
  booktitle={Proceedings of the European Conference on Computer Vision (ECCV)},
  pages={405--420},
  year={2018}
}
@inproceedings{12,
  title={Refinenet: Multi-path refinement networks for high-resolution semantic segmentation},
  author={Lin, Guosheng and Milan, Anton and Shen, Chunhua and Reid, Ian},
  booktitle={Proceedings of the IEEE conference on computer vision and pattern recognition},
  pages={1925--1934},
  year={2017}
}
@inproceedings{13,
  title={3d fully convolutional network for vehicle detection in point cloud},
  author={Li, Bo},
  booktitle={2017 IEEE/RSJ International Conference on Intelligent Robots and Systems (IROS)},
  pages={1513--1518},
  year={2017},
  organization={IEEE}
}
@inproceedings{14,
  title={Voxelnet: End-to-end learning for point cloud based 3d object detection},
  author={Zhou, Yin and Tuzel, Oncel},
  booktitle={Proceedings of the IEEE Conference on Computer Vision and Pattern Recognition},
  pages={4490--4499},
  year={2018}
}
@article{15,
  title={Sparse 3D convolutional neural networks},
  author={Graham, Ben},
  journal={arXiv preprint arXiv:1505.02890},
  year={2015}
}
@inproceedings{16,
  title={Multi-View 3D Object Detection Network for Autonomous Driving},
  author={ Chen, Xiaozhi  and  Ma, Huimin  and  Wan, Ji  and  Li, Bo  and  Xia, Tian },
  booktitle={2017 IEEE Conference on Computer Vision and Pattern Recognition (CVPR)},
  year={2017},
}
@article{17,
  title={SegMap: 3d segment mapping using data-driven descriptors},
  author={Dub{\'e}, Renaud and Cramariuc, Andrei and Dugas, Daniel and Nieto, Juan and Siegwart, Roland and Cadena, Cesar},
  journal={arXiv preprint arXiv:1804.09557},
  year={2018}
}
@article{18,
  title={Efficient RANSAC for Point-Cloud Shape Detection},
  author={ Schnabel, R.  and  Wahl, R.  and  Klein, R. },
  journal={Computer Graphics Forum},
  volume={26},
  number={2},
  pages={214-226},
  year={2007},
}
@inproceedings{19,
  title={Unseeded Region Growing for 3D Image Segmentation.},
  author={Lin, Zheng and Jin, Jesse and Talbot, Hugues},
  booktitle={ACM International Conference Proceeding Series},
  volume={9},
  pages={31--37},
  year={2000}
}
@article{21,
  title={Incremental Segment-Based Localization in 3D Point Clouds},
  author={ Dube, Renaud  and  Gollub, Mattia Guglielmo  and  Sommer, Hannes  and  Gilitschenski, Igor  and  Nieto, Juan },
  journal={IEEE Robotics and Automation Letters},
  volume={PP},
  number={99},
  pages={1-1},
  year={2018},
}
@article{014,
  title={Fast LIDAR-based road detection using fully convolutional neural networks},
  author={ Caltagirone, Luca  and  Scheidegger, Samuel  and  Svensson, Lennart  and  Wahde, Mattias },
  year={2017},
}
@inproceedings{015,
  title={Multi-View 3D Object Detection Network for Autonomous Driving},
  author={ Chen, Xiaozhi  and  Ma, Huimin  and  Wan, Ji  and  Li, Bo  and  Xia, Tian },
  booktitle={2017 IEEE Conference on Computer Vision and Pattern Recognition (CVPR)},
  year={2017},
}
@inproceedings{016,
  title={Fusing LIDAR and images for pedestrian detection using convolutional neural networks},
  author={ Schlosser, Joel  and  Chow, Christopher K.  and  Kira, Zsolt },
  booktitle={2016 IEEE International Conference on Robotics and Automation (ICRA)},
  year={2016},
}
@article{017,
  title={Vehicle detection from 3d lidar using fully convolutional network},
  author={Li, Bo and Zhang, Tianlei and Xia, Tian},
  journal={arXiv preprint arXiv:1608.07916},
  year={2016}
}
@article{018,
  title={3D Convolutional Neural Networks for landing zone detection from LiDAR},
  author={ Maturana, Daniel  and  Scherer, Sebastian },
  journal={Proceedings IEEE International Conference on Robotics & Automation},
  volume={2015},
  pages={3471-3478},
  year={2015},
}
@article{019,
  title={Playing for Data: Ground Truth from Computer Games},
  author={ Richter, Stephan R.  and  Vineet, Vibhav  and  Roth, Stefan  and  Koltun, Vladlen },
  year={2016},
}
@article{020,
  title={Driving in the Matrix: Can Virtual Worlds Replace Human-Generated Annotations for Real World Tasks?},
  author={ Johnson-Roberson, Matthew  and  Barto, Charles  and  Mehta, Rounak  and  Sridhar, Sharath Nittur  and  Rosaen, Karl  and  Vasudevan, Ram },
  year={2016},
}
@article{Zhang2018,
  title={[IEEE 2018 Chinese Control And Decision Conference (CCDC) - Shenyang (2018.6.9-2018.6.11)] 2018 Chinese Control And Decision Conference (CCDC) - Research on consensus problems with second-order sliding mode algorithm in multi-agent systems},
  author={Zhang, Xiaofang and Zhang, Niaona and Bao, Xuanxuan},
  pages={3812-3817},
  year={2018},
}
@article{Weinmann2016Reconstruction,
  title={Reconstruction and Analysis of 3D Scenes},
  author={Weinmann and Martin},
  volume={10.1007/978-3-319-29246-5},
  year={2016},
}
@article{2014Features,
  title={Features of point clouds synthesized from multi-view ALOS/PRISM data and comparisons with LiDAR data in forested areas},
  author={ Ni, Wenjian  and  Ranson, Kenneth Jon  and  Zhang, Zhiyu  and  Sun, Guoqing },
  journal={Remote Sensing of Environment},
  year={2014},
}

@inproceedings{behley2019iccv,
  author = {J. Behley and M. Garbade and A. Milioto and J. Quenzel and S. Behnke and C. Stachniss and J. Gall},
  title = {{SemanticKITTI: A Dataset for Semantic Scene Understanding of LiDAR Sequences}},
  booktitle = {Proc. of the IEEE/CVF International Conf.~on Computer Vision (ICCV)},
  year = {2019}
}

@inproceedings{geiger2012cvpr,
  author = {A. Geiger and P. Lenz and R. Urtasun},
  title = {{Are we ready for Autonomous Driving? The KITTI Vision Benchmark Suite}},
  booktitle = {Proc.~of the IEEE Conf.~on Computer Vision and Pattern Recognition (CVPR)},
  pages = {3354--3361},
  year = {2012}
}

@article{hplf,
author = {Gu, Xiuye and Wang, Yijie and wu, Chongruo and lee, Yong-Jae and Wang, Panqu},
year = {2019},
month = {06},
pages = {},
title = {HPLFlowNet: Hierarchical Permutohedral Lattice FlowNet for Scene Flow Estimation on Large-scale Point Clouds}
}

@articles{flow,
author = {Gu, Xiuye and Wang, Yijie and wu, Chongruo and lee, Yong-Jae and Wang, Panqu},
year = {2019},
month = {06},
pages = {},
title = {HPLFlowNet: Hierarchical Permutohedral Lattice FlowNet for Scene Flow Estimation on Large-scale Point Clouds}
}
@articles{cylinder,
author = {Zhou, Hui and Zhu, Xinge and Song, Xiao and Ma, Yuexin and Wang, Zhe and Li, Hongsheng and Lin, Dahua},
year = {2020},
month = {08},
pages = {},
title = {Cylinder3D: An Effective 3D Framework for Driving-scene LiDAR Semantic Segmentation}
}

@inproceedings{2016Deep,
  title={Deep Residual Learning for Image Recognition},
  author={ He, Kaiming  and  Zhang, Xiangyu  and  Ren, Shaoqing  and  Sun, Jian },
  booktitle={IEEE Conference on Computer Vision & Pattern Recognition},
  year={2016},
}

@article{xu2020squeezesegv3,
  title={SqueezeSegV3: Spatially-Adaptive Convolution for Efficient Point-Cloud Segmentation},
  author={Xu, Chenfeng and Wu, Bichen and Wang, Zining and Zhan, Wei and Vajda, Peter and Keutzer, Kurt and Tomizuka, Masayoshi},
  journal={arXiv preprint arXiv:2004.01803},
  year={2020}
}
@article{2019RandLA,
  title={RandLA-Net: Efficient Semantic Segmentation of Large-Scale Point Clouds},
  author={ Hu, Qingyong  and  Yang, Bo  and  Xie, Linhai  and  Rosa, Stefano  and  Guo, Yulan  and  Wang, Zhihua  and  Trigoni, Niki  and  Markham, Andrew },
  year={2019},
}