@article{2017A,
  title={A REVIEW OFPOINT CLOUDS SEGMENTATION AND CLASSIFICATION ALGORITHMS},
  author={ Grilli, E.  and  Menna, F.  and  Remondino, F. },
  journal={ISPRS - International Archives of the Photogrammetry, Remote Sensing and Spatial Information Sciences},
  volume={XLII-2/W3},
  pages={339-344},
  year={2017},
}
@article{50,
  title={Dynamic Graph CNN for Learning on Point Clouds},
  author={Wang, Yue and Sun, Yongbin and Liu, Ziwei and Sarma, Sanjay E and Bronstein, Michael M and Solomon, Justin M},
  journal={Acm Transactions on Graphics},
  volume={38},
  number={5},
  year={2018},
}
@article{35,
  title={PointNet: Deep Learning on Point Sets for 3D Classification and Segmentation},
  author={ Qi, Charles R  and  Su, Hao  and  Mo, Kaichun  and  Guibas, Leonidas J },
  year={2017},
}
@article{20,
  title={[IEEE 2017 IEEE International Conference on Computer Vision (ICCV) - Venice (2017.10.22-2017.10.29)] 2017 IEEE International Conference on Computer Vision (ICCV) - Escape from Cells: Deep Kd-Networks for the Recognition of 3D Point Cloud Models},
  author={Klokov, Roman and Lempitsky, Victor},
  year={2017},
}
@article{36,
  title={Pointnet++: Deep hierarchical feature learning on point sets in a metric space},
  author={Qi, Charles Ruizhongtai and Yi, Li and Su, Hao and Guibas, Leonidas J},
  journal={Advances in neural information processing systems},
  volume={30},
  pages={5099--5108},
  year={2017}
}
@article{2018PointSeg,
  title={PointSeg: Real-Time Semantic Segmentation Based on 3D LiDAR Point Cloud},
  author={ Wang, Yuan  and  Shi, Tianyue  and  Yun, Peng  and  Tai, Lei  and  Liu, Ming },
  year={2018},
}
@inproceedings{1,
  title={Fast Plane Extraction in Organized Point Clouds Using Agglomerative Hierarchical Clustering},
  author={ Feng, Chen  and  Taguchi, Yuichi  and  Kamat, Vineet R },
  booktitle={IEEE International Conference on Robotics & Automation},
  year={2014},
}
@inproceedings{2,
  title={LIDAR-based 3D object perception},
  author={ Himmelsbach, M.  and A Müller and T Lüttel and H.-J Wünsche},
  booktitle={Proceedings of 1st International Workshop on Cognition for Technical Systems},
  year={2008},
}
@article{3,
  title={SqueezeNet: AlexNet-level accuracy with 50x fewer parameters and< 0.5 MB model size},
  author={Iandola, Forrest N and Han, Song and Moskewicz, Matthew W and Ashraf, Khalid and Dally, William J and Keutzer, Kurt},
  journal={arXiv preprint arXiv:1602.07360},
  year={2016}
}
@inproceedings{4,
  title={Squeezeseg: Convolutional neural nets with recurrent crf for real-time road-object segmentation from 3d lidar point cloud},
  author={Wu, Bichen and Wan, Alvin and Yue, Xiangyu and Keutzer, Kurt},
  booktitle={2018 IEEE International Conference on Robotics and Automation (ICRA)},
  pages={1887--1893},
  year={2018},
  organization={IEEE}
}
@book{6,
  title={Fully Convolutional Networks for Semantic Segmentation},
  author={Shelhamer, Evan and Long, Jonathan and Darrell, Trevor},
  publisher={IEEE Computer Society},
  year={2017},
}
@article{7,
  title={Rethinking atrous convolution for semantic image segmentation},
  author={Chen, Liang-Chieh and Papandreou, George and Schroff, Florian and Adam, Hartwig},
  journal={arXiv preprint arXiv:1706.05587},
  year={2017}
}
@article{8,
  title={Multi-Scale Context Aggregation by Dilated Convolutions},
  author={ Yu, Fisher  and  Koltun, Vladlen },
  year={2016},
}
@article{9,
  title={Efficient inference in fully connected crfs with gaussian edge potentials},
  author={Kr{\"a}henb{\"u}hl, Philipp and Koltun, Vladlen},
  journal={Advances in neural information processing systems},
  volume={24},
  pages={109--117},
  year={2011}
}
@article{10,
  title={Segnet: A deep convolutional encoder-decoder architecture for image segmentation},
  author={Badrinarayanan, Vijay and Kendall, Alex and Cipolla, Roberto},
  journal={IEEE transactions on pattern analysis and machine intelligence},
  volume={39},
  number={12},
  pages={2481--2495},
  year={2017},
  publisher={IEEE}
}
@inproceedings{11,
  title={Icnet for real-time semantic segmentation on high-resolution images},
  author={Zhao, Hengshuang and Qi, Xiaojuan and Shen, Xiaoyong and Shi, Jianping and Jia, Jiaya},
  booktitle={Proceedings of the European Conference on Computer Vision (ECCV)},
  pages={405--420},
  year={2018}
}
@inproceedings{12,
  title={Refinenet: Multi-path refinement networks for high-resolution semantic segmentation},
  author={Lin, Guosheng and Milan, Anton and Shen, Chunhua and Reid, Ian},
  booktitle={Proceedings of the IEEE conference on computer vision and pattern recognition},
  pages={1925--1934},
  year={2017}
}
@inproceedings{13,
  title={3d fully convolutional network for vehicle detection in point cloud},
  author={Li, Bo},
  booktitle={2017 IEEE/RSJ International Conference on Intelligent Robots and Systems (IROS)},
  pages={1513--1518},
  year={2017},
  organization={IEEE}
}
@inproceedings{14,
  title={Voxelnet: End-to-end learning for point cloud based 3d object detection},
  author={Zhou, Yin and Tuzel, Oncel},
  booktitle={Proceedings of the IEEE Conference on Computer Vision and Pattern Recognition},
  pages={4490--4499},
  year={2018}
}
@article{15,
  title={Sparse 3D convolutional neural networks},
  author={Graham, Ben},
  journal={arXiv preprint arXiv:1505.02890},
  year={2015}
}
@inproceedings{16,
  title={Multi-View 3D Object Detection Network for Autonomous Driving},
  author={ Chen, Xiaozhi  and  Ma, Huimin  and  Wan, Ji  and  Li, Bo  and  Xia, Tian },
  booktitle={2017 IEEE Conference on Computer Vision and Pattern Recognition (CVPR)},
  year={2017},
}
@article{17,
  title={SegMap: 3d segment mapping using data-driven descriptors},
  author={Dub{\'e}, Renaud and Cramariuc, Andrei and Dugas, Daniel and Nieto, Juan and Siegwart, Roland and Cadena, Cesar},
  journal={arXiv preprint arXiv:1804.09557},
  year={2018}
}
@article{18,
  title={Efficient RANSAC for Point-Cloud Shape Detection},
  author={ Schnabel, R.  and  Wahl, R.  and  Klein, R. },
  journal={Computer Graphics Forum},
  volume={26},
  number={2},
  pages={214-226},
  year={2007},
}
@inproceedings{19,
  title={Unseeded Region Growing for 3D Image Segmentation.},
  author={Lin, Zheng and Jin, Jesse and Talbot, Hugues},
  booktitle={ACM International Conference Proceeding Series},
  volume={9},
  pages={31--37},
  year={2000}
}
@article{21,
  title={Incremental Segment-Based Localization in 3D Point Clouds},
  author={ Dube, Renaud  and  Gollub, Mattia Guglielmo  and  Sommer, Hannes  and  Gilitschenski, Igor  and  Nieto, Juan },
  journal={IEEE Robotics and Automation Letters},
  volume={PP},
  number={99},
  pages={1-1},
  year={2018},
}
@article{014,
  title={Fast LIDAR-based road detection using fully convolutional neural networks},
  author={ Caltagirone, Luca  and  Scheidegger, Samuel  and  Svensson, Lennart  and  Wahde, Mattias },
  year={2017},
}
@inproceedings{015,
  title={Multi-View 3D Object Detection Network for Autonomous Driving},
  author={ Chen, Xiaozhi  and  Ma, Huimin  and  Wan, Ji  and  Li, Bo  and  Xia, Tian },
  booktitle={2017 IEEE Conference on Computer Vision and Pattern Recognition (CVPR)},
  year={2017},
}
@inproceedings{016,
  title={Fusing LIDAR and images for pedestrian detection using convolutional neural networks},
  author={ Schlosser, Joel  and  Chow, Christopher K.  and  Kira, Zsolt },
  booktitle={2016 IEEE International Conference on Robotics and Automation (ICRA)},
  year={2016},
}
@article{017,
  title={Vehicle detection from 3d lidar using fully convolutional network},
  author={Li, Bo and Zhang, Tianlei and Xia, Tian},
  journal={arXiv preprint arXiv:1608.07916},
  year={2016}
}
@article{018,
  title={3D Convolutional Neural Networks for landing zone detection from LiDAR},
  author={ Maturana, Daniel  and  Scherer, Sebastian },
  journal={Proceedings IEEE International Conference on Robotics & Automation},
  volume={2015},
  pages={3471-3478},
  year={2015},
}
@article{019,
  title={Playing for Data: Ground Truth from Computer Games},
  author={ Richter, Stephan R.  and  Vineet, Vibhav  and  Roth, Stefan  and  Koltun, Vladlen },
  year={2016},
}
@article{020,
  title={Driving in the Matrix: Can Virtual Worlds Replace Human-Generated Annotations for Real World Tasks?},
  author={ Johnson-Roberson, Matthew  and  Barto, Charles  and  Mehta, Rounak  and  Sridhar, Sharath Nittur  and  Rosaen, Karl  and  Vasudevan, Ram },
  year={2016},
}