@ARTICLE{9127813,

  author={Y. {Guo} and H. {Wang} and Q. {Hu} and H. {Liu} and L. {Liu} and M. {Bennamoun}},

  journal={IEEE Transactions on Pattern Analysis and Machine Intelligence}, 

  title={Deep Learning for 3D Point Clouds: A Survey}, 

  year={2020},

  volume={},

  number={},

  pages={1-1},

  doi={10.1109/TPAMI.2020.3005434}}

@article{2018PointSeg,
  title={PointSeg: Real-Time Semantic Segmentation Based on 3D LiDAR Point Cloud},
  author={ Wang, Yuan  and  Shi, Tianyue  and  Yun, Peng  and  Tai, Lei  and  Liu, Ming },
  year={2018},
}

@ARTICLE{pvcnn,
author = {Liu, Zhijian and Tang, Haotian and Lin, Yujun and Han, Song},
year = {2019},
month = {07},
pages = {},
title = {Point-Voxel CNN for Efficient 3D Deep Learning}
}
@article{Hu2019RandLA,
  title={RandLA-Net: Efficient Semantic Segmentation of Large-Scale Point Clouds},
  author={Hu, Qingyong and Yang, Bo and Xie, Linhai and Rosa, Stefano and Guo, Yulan and Wang, Zhihua and Trigoni, Niki and Markham, Andrew},
  year={2019},
}
@inproceedings{wu2019squeezesegv2,
  title={Squeezesegv2: Improved model structure and unsupervised domain adaptation for road-object segmentation from a lidar point cloud},
  author={Wu, Bichen and Zhou, Xuanyu and Zhao, Sicheng and Yue, Xiangyu and Keutzer, Kurt},
  booktitle={2019 International Conference on Robotics and Automation (ICRA)},
  pages={4376--4382},
  year={2019},
  organization={IEEE}
}
@inproceedings{milioto2019rangenet++,
  title={RangeNet++: Fast and accurate LiDAR semantic segmentation},
  author={Milioto, Andres and Vizzo, Ignacio and Behley, Jens and Stachniss, Cyrill},
  booktitle={2019 IEEE/RSJ International Conference on Intelligent Robots and Systems (IROS)},
  pages={4213--4220},
  year={2019},
  organization={IEEE}
}
@inproceedings{wu2018squeezeseg,
  title={Squeezeseg: Convolutional neural nets with recurrent crf for real-time road-object segmentation from 3d lidar point cloud},
  author={Wu, Bichen and Wan, Alvin and Yue, Xiangyu and Keutzer, Kurt},
  booktitle={2018 IEEE International Conference on Robotics and Automation (ICRA)},
  pages={1887--1893},
  year={2018},
  organization={IEEE}
}
@inproceedings{qi2017pointnet++,
  title={Pointnet++: Deep hierarchical feature learning on point sets in a metric space},
  author={Qi, Charles Ruizhongtai and Yi, Li and Su, Hao and Guibas, Leonidas J},
  booktitle={Advances in neural information processing systems},
  pages={5099--5108},
  year={2017}
}

@inproceedings{qi2017pointnet,
  title={Pointnet: Deep learning on point sets for 3d classification and segmentation},
  author={Qi, Charles R and Su, Hao and Mo, Kaichun and Guibas, Leonidas J},
  booktitle={Proceedings of the IEEE conference on computer vision and pattern recognition},
  pages={652--660},
  year={2017}
}
@inproceedings{rethage2018fully,
  title={Fully-convolutional point networks for large-scale point clouds},
  author={Rethage, Dario and Wald, Johanna and Sturm, Jurgen and Navab, Nassir and Tombari, Federico},
  booktitle={Proceedings of the European Conference on Computer Vision (ECCV)},
  pages={596--611},
  year={2018}
}




@article{xu2020squeezesegv3,
  title={Squeezesegv3: Spatially-adaptive convolution for efficient point-cloud segmentation},
  author={Xu, Chenfeng and Wu, Bichen and Wang, Zining and Zhan, Wei and Vajda, Peter and Keutzer, Kurt and Tomizuka, Masayoshi},
  journal={arXiv preprint arXiv:2004.01803},
  year={2020}
}
